@incollection{Cvetkovic2024,
  author    = {M. T. Koç},
  editor    = {D. Cvetković},
  title     = {Drone technologies and applications},
  booktitle = {Drones: Various Applications},
  publisher = {IntechOpen},
  address   = {London, UK},
  year      = {2023},
  chapter   = {1},
  pages     = {1--24},
  doi       = {10.5772/intechopen.1001987},
  url       = {https://intech-files.s3.amazonaws.com/a043Y00000yKhBAQA0/0014679_Authors_Book%20%282024-02-15%2008%3A15%3A58%29.pdf},
  note      = {Zugegriffen: Sep. 30, 2024}
}

@incollection{Mohanty2023,
  author    = {Sas Mohanty and {J.V.R.} Ravindra and {G. S.} Narayana and {C. R.} Pattnaik and {Y. M.} Sirajudeen},
  title     = {Introduction to Drone Flights—An Eye Witness for Flying Devices to the New Destinations},
  booktitle = {Drone Technology: Future Trends and Practical Applications},
  publisher = {John Wiley \& Sons, Inc. and Scrivener Publishing LLC},
  address   = {Hoboken, NJ, USA},
  year      = {2023},
  chapter   = {7},
  isbn      = {9781394168002},
  url       = {https://learning.oreilly.com/library/view/-/9781394166534/?ar},
  note      = {Zugegriffen: Sep. 30, 2024}
}

@techreport{DGUV2023,
  author      = {{Deutsche Gesetzliche Unfallversicherung e.V. (DGUV)}},
  title       = {{DGUV Information 208-058: Sicherer Umgang mit Multikoptern (Drohnen)}},
  institution = {{Deutsche Gesetzliche Unfallversicherung e.V. (DGUV)}},
  number      = {208-058},
  year        = {{2020}},
  month       = {{Jul.}},
  address     = {{Berlin}},
  url         = {https://publikationen.dguv.de/widgets/pdf/download/article/3820},
  note        = {Zugegriffen am: 30.09.2024}
}

@article{reynoso2019uas,
  author  = {Hamlet Reynoso Vanderhorst and Subashini Suresh and Renukappa Suresh},
  title   = {Systematic Literature Research of the Current Implementation of Unmanned Aerial System (UAS) in the Construction Industry},
  journal = {International Journal of Innovative Technology and Exploring Engineering (IJITEE)},
  volume  = {8},
  number  = {11S},
  year    = {2019},
  month   = {September},
  pages   = {416--428},
  doi     = {0.35940/ijitee.K1073.09811S19 },
  url     = {https://www.ijitee.org/wp-content/uploads/papers/v8i11S/K107309811S19.pdf},
  note    = {Zugegriffen am: 05.10.2024}
}

@article{DronesArticle,
  author  = {Onososen, Adetayo Olugbenga and Musonda, Innocent and Onatayo, Damilola and Tjebane, Motheo Meta and Saka, Abdullahi Babatunde and Fagbenro, Rasaki Kolawole},
  title   = {{Impediments to Construction Site Digitalisation Using Unmanned Aerial Vehicles (UAVs)}},
  journal = {Drones},
  volume  = {7},
  number  = {1},
  pages   = {45},
  year    = {2023},
  month   = {o. M.},
  doi     = {10.3390/drones7010045},
  url     = {https://www.mdpi.com/2504-446X/7/1/45},
  note    = {Zugegriffen: Sep. 30, 2024}
}

// PRIO: Chapter 2 A Paradigm Shift in Viewing the World
// note      = {Zugegriffen am: 04.10.2024}
@incollection{Tal2021,
  author    = {D. Tal and J. Altschuld},
  title     = {A Paradigm Shift in Viewing the World},
  booktitle = {Drone Technology in Architecture, Engineering, and Construction: A Strategic Guide to Unmanned Aerial Vehicle Operation and Implementation},
  publisher = {John Wiley \& Sons Inc.},
  address   = {Hoboken, NJ, USA},
  year      = {2021},
  chapter   = {2},
  pages     = {11-22},
  isbn      = {9781119545880},
  url       = {https://learning.oreilly.com/library/view/-/9781119545880/?ar},
  language  = {English},
  note      = {Zugegriffen: Okt. 4, 2024}
}

// PRIO
// note    = {Zugegriffen am 09.10.2024}
@article{abaeano2021trends,
  author  = {G. Albeaino and M. Gheisari},
  title   = {Trends, Benefits, and Barriers of Unmanned Aerial Systems in the Construction Industry: A Survey Study in the {United States}},
  journal = {Journal of Information Technology in Construction (ITcon)},
  volume  = {26},
  number  = {6},
  pages   = {84-111},
  year    = {2021},
  month   = {Jan.},
  doi     = {10.36680/j.itcon.2021.006},
  url     = {https://www.itcon.org/papers/2021_06-ITcon-Albeaino.pdf},
  note    = {Zugegriffen: Okt. 16, 2024}
}


@article{WenYi2021,
  author  = {Wen Yi, Monty Sutrisna},
  title   = {Drone scheduling for construction site surveillance},
  journal = {Computer-Aided Civil and Infrastructure Engineering},
  volume  = {36},
  number  = {1},
  pages   = {3--13},
  year    = {2021},
  month   = {Jan.},
  doi     = {https://doi.org/10.1111/mice.12593},
  url     = {https://onlinelibrary.wiley.com/doi/10.1111/mice.12593},
  note    = {Zugegriffen am: 08.10.2024}
}

@article{Liang2023UAVsConstruction,
  author  = {Han Liang and Seong-Cheol Lee and Woosung Bae and Jeongyun Kim and Suyoung Seo},
  title   = {Towards UAVs in Construction: Advancements, Challenges, and Future Directions for Monitoring and Inspection},
  journal = {Drones},
  volume  = {7},
  number  = {3},
  pages   = {202-226},
  year    = {2023},
  month   = {o. M.},
  doi     = {https://doi.org/10.3390/drones7030202},
  url     = {https://www.mdpi.com/2504-446X/7/3/202},
  note    = {Zugegriffen: Okt. 8, 2024}
}

@article{Hayakawa2018,
  author  = {Kentaro Hayakawa and Masahiro Kubo and Hiroyoshi Kasa},
  title   = {Utilization Example of UAV in Construction Field and 3D Modeling by UAV Image},
  journal = {Journal of the Remote Sensing Society of Japan},
  volume  = {38},
  number  = {3},
  pages   = {213-218},
  year    = {2018},
  month   = {o. M.},
  url     = {https://www.jstage.jst.go.jp/article/rssj/38/3/38_213/_pdf/-char/ja},
  note    = {Zugegriffen am: 08.10.2024}
}

// Zur Not: https://link.springer.com/article/10.1007/s10064-020-01766-2